@book{CharlesworthBook,
  author    = {Charlesworth, Brian and Charlesworth, Deborah}, 
  title     = {Elements of Evolutionary Genetics},
  publisher = {Roberts and Company},
  year      = 2010,
  address   = {4950 South Yosemite Street, F2 \#197, Greenwood Village, Colorado 80111 USA},
}

@book{FalconerAndMackay,
  author    = {Falconer, Douglas and Mackay, Trudy}, 
  title     = {Introduction to Quantitative Genetics},
  publisher = {Pearson Education Limited},
  year      = 1996,
  address   = {80 Strand, London, UK},
}


@book{EwensBook,
  author    = {Ewens, Warren}, 
  title     = {Introduction to Quantitative Genetics},
  publisher = {Springer},
  year      = 2004,
  address   = {11 W 42nd St, New York, NY 10036 USA},
}

