%% Created using Papers on Tue, 04 Apr 2017.
%% http://papersapp.com/papers/

@article{Genovese:2016fv,
author = {Genovese, Giulio and Fromer, Menachem and Stahl, Eli A and Ruderfer, Douglas M and Chambert, Kimberly and Land{\'e}n, Mikael and Moran, Jennifer L and Purcell, Shaun M and Sklar, Pamela and Sullivan, Patrick F and Hultman, Christina M and McCarroll, Steven A},
title = {{Increased burden of ultra-rare protein-altering variants among 4,877 individuals with schizophrenia}},
journal = {Nature Neuroscience},
year = {2016},
volume = {19},
number = {11},
pages = {1433--1441},
month = oct
}

@article{Risch:1996ub,
author = {Risch, N and Merikangas, K},
title = {{The future of genetic studies of complex human diseases}},
journal = {Science},
year = {1996}
}

@article{Gao:2014dz,
author = {Gao, F and Keinan, A},
title = {{High burden of private mutations due to explosive human population growth and purifying selection}},
journal = {BMC genomics},
year = {2014}
}

@article{Kendler:2010kw,
author = {Kendler, K S and Neale, M C},
title = {{Endophenotype: a conceptual analysis}},
journal = {Molecular Psychiatry},
year = {2010},
volume = {15},
number = {8},
pages = {789--797},
month = feb
}

@article{Vehtari:2016fm,
author = {Vehtari, Aki and Gelman, Andrew and Gabry, Jonah},
title = {{Practical Bayesian model evaluation using leave-one-out cross-validation and WAIC}},
journal = {Statistics and Computing},
year = {2016},
volume = {26},
pages = {1--20}
}

@article{Lee:2012iu,
author = {Lee, S Hong and DeCandia, Teresa R and Ripke, Stephan and Yang, Jian and Sullivan, Patrick F and Goddard, Michael E and Keller, Matthew C and Visscher, Peter M and Wray, Naomi R},
title = {{Estimating the proportion of variation in susceptibility to schizophrenia captured by common SNPs}},
journal = {Nature Genetics},
year = {2012},
volume = {44},
number = {3},
pages = {247--250},
month = feb
}

@article{Simons:2014fj,
author = {Simons, Y B and Turchin, M C and Pritchard, J K and Sella, G},
title = {{The deleterious mutation load is insensitive to recent population history}},
journal = {Nature Genetics},
year = {2014}
}

@article{Consortium:2009efa,
author = {Purcell, S M and Wray, N R and Stone, J L and Visscher, P M},
title = {{Common polygenic variation contributes to risk of schizophrenia and bipolar disorder}},
journal = {Nature},
year = {2009}
}

@article{Polimanti:2017bv,
author = {Polimanti, Renato and Gelernter, Joel},
title = {{Widespread signatures of positive selection in common risk alleles associated to autism spectrum disorder}},
journal = {PLOS Genetics},
year = {2017},
volume = {13},
number = {2},
pages = {e1006618--14},
month = feb
}

@article{Agarwala:2013bu,
author = {Agarwala, Vineeta and Flannick, Jason and Sunyaev, Shamil and Altshuler, David},
title = {{Evaluating empirical bounds on complex disease genetic architecture}},
journal = {Nature Publishing Group},
year = {2013},
volume = {45},
number = {12},
pages = {1418--1427},
month = oct
}

@article{Wray:2010ir,
author = {Wray, Naomi R and Goddard, Michael E},
title = {{Multi-locus models of genetic risk of disease}},
journal = {Genome Medicine},
year = {2010},
volume = {2},
number = {2},
pages = {10},
month = feb
}

@article{Speed:2017ec,
author = {Speed, D and Cai, N and Johnson, M and Nejentsev, S and Balding, D},
title = {{Re-evaluation of SNP heritability in complex human traits}},
journal = {bioRxiv},
year = {2016}
}

@article{Lohmueller:2014gd,
author = {Lohmueller, K E},
title = {{The impact of population demography and selection on the genetic architecture of complex traits}},
journal = {PLOS Genetics},
year = {2014}
}

@article{Gazave:2013jh,
author = {Gazave, E and Chang, D and Clark, A G and Keinan, A},
title = {{Population growth inflates the per-individual number of deleterious mutations and reduces their mean effect}},
journal = {Genetics},
year = {2013}
}

@article{Wright:1934wd,
author = {Wright, S},
title = {{An analysis of variability in number of digits in an inbred strain of guinea pigs}},
journal = {Genetics},
year = {1934}
}

@article{Gibson:2009ie,
author = {Gibson, G},
title = {{Decanalization and the origin of complex disease}},
journal = {Nature Reviews Genetics},
year = {2009},
volume = {10},
number = {2},
pages = {134--140}
}

@article{Martin:2016be,
author = {Martin, Alicia R and Gignoux, Christopher R and Walters, Raymond K and Wojcik, Genevieve L and Neale, Benjamin M and Gravel, Simon and Daly, Mark J and Bustamante, Carlos D and Kenny, Eimear E},
title = {{Human demographic history impacts genetic risk prediction across diverse populations}},
journal = {bioRxiv},
year = {2016},
pages = {1--46},
month = nov
}

@article{Varin:2008em,
author = {Varin, C},
title = {{On composite marginal likelihoods}},
journal = {AStA Advances in Statistical Analysis},
year = {2008}
}

@article{Keinan:2012kl,
author = {Keinan, Alon and Clark, Andrew G},
title = {{Recent Explosive Human Population Growth Has Resulted in an Excess of Rare Genetic Variants}},
journal = {Science},
year = {2012},
volume = {336},
number = {6082},
pages = {740--743},
month = may
}

@article{FLINT:2006ia,
author = {Flint, J and Munaf{\`o}, M R},
title = {{The endophenotype concept in psychiatric genetics}},
journal = {Psychological medicine},
year = {2007}
}

@article{Loh:2015hz,
author = {Loh, Po-Ru and Bhatia, Gaurav and Gusev, Alexander and Finucane, Hilary K and Bulik-Sullivan, Brendan K and Pollack, Samuela J and de Candia, Teresa R and Lee, Sang Hong and Wray, Naomi R and Kendler, Kenneth S and O'Donovan, Michael C and Neale, Benjamin M and Patterson, Nick and Price, Alkes L},
title = {{Contrasting genetic architectures of schizophrenia and other complex diseases using fast variance-components analysis}},
journal = {Nature Publishing Group},
year = {2015},
volume = {47},
number = {12},
pages = {1385--1392},
month = nov
}

@article{Ayub:2014hk,
author = {Ayub, Q and Moutsianas, L and Chen, Y},
title = {{Revisiting the thrifty gene hypothesis via 65 loci associated with susceptibility to type 2 diabetes}},
journal = {The American Journal of {\ldots}},
year = {2014}
}

@article{Bustamante:2001wi,
author = {Bustamante, C D and Wakeley, J and Sawyer, S and Hartl, D L},
title = {{Directional selection and the site-frequency spectrum}},
journal = {Genetics},
year = {2001}
}

@article{Robertson:1956dk,
author = {Robertson, Alan},
title = {{The effect of selection against extreme deviants based on deviation or on homozygosis}},
journal = {Journal of Genetics},
year = {1956},
volume = {54},
number = {2},
pages = {236--248}
}

@article{Racimo:2014cb,
author = {Racimo, Fernando and Schraiber, Joshua G},
title = {{Approximation to the Distribution of Fitness Effects across Functional Categories in Human Segregating Polymorphisms}},
journal = {PLOS Genetics},
year = {2014},
volume = {10},
number = {11},
pages = {e1004697--14},
month = nov
}

@article{Schiffels:2014cu,
author = {Schiffels, S and Durbin, R},
title = {{Inferring human population size and separation history from multiple genome sequences}},
journal = {Nature Genetics},
year = {2014}
}

@article{Pritchard:2002ux,
author = {Pritchard, J K and Cox, N J},
title = {{The allelic architecture of human disease genes: common disease{\textendash}common variant{\ldots} or not?}},
journal = {Human Molecular Genetics},
year = {2002}
}

@article{Fraser:2013jj,
author = {Fraser, Hunter B},
title = {{Gene expression drives local adaptation in humans.}},
journal = {Genome Research},
year = {2013},
volume = {23},
number = {7},
pages = {1089--1096},
month = jul
}

@article{Visscher:2012je,
author = {Visscher, P M and Brown, M A and McCarthy, M I},
title = {{Five years of GWAS discovery}},
journal = {The American Journal of Human Genetics},
year = {2012}
}

@article{Consortium:2009ef,
author = {Consortium, The International Schizophrenia and preparation, Manuscript and analysis, Data and subgroup, GWAS analysis and subgroup, Polygene analyses and committee, Management and {Cardiff University} and {Karolinska Institutet/University of North Carolina at Chapel Hill} and Dublin, Trinity College and {University College London} and {University of Aberdeen} and {University of Edinburgh} and {Queensland Institute of Medical Research} and {University of Southern California} and Hospital, Massachusetts General and {Stanley Center for Psychiatric Research and Broad Institute of MIT and Harvard}},
title = {{Common polygenic variation contributes to risk of schizophrenia and bipolar disorder}},
journal = {Nature},
year = {2009},
volume = {460},
number = {7256},
pages = {748--752},
month = jun
}

@article{Neel:1962tj,
author = {Neel, James V},
title = {{Diabetes Mellitus: A {\textquotedblleft}Thrifty{\textquotedblright} Genotype Rendered Detrimental by {\textquotedblleft}Progress{\textquotedblright}?}},
journal = {American journal of human genetics},
year = {1962},
volume = {14},
number = {4},
pages = {353--362},
month = dec
}

@article{Fuchsberger:2016df,
author = {Fuchsberger, Christian and Flannick, Jason and Teslovich, Tanya M and Mahajan, Anubha and Agarwala, Vineeta and Gaulton, Kyle J and Ma, Clement and Fontanillas, Pierre and Moutsianas, Loukas and McCarthy, Davis J and Rivas, Manuel A and Perry, John R B and Sim, Xueling and Blackwell, Thomas W and Robertson, Neil R and Rayner, N William and Cingolani, Pablo and Locke, Adam E and Tajes, Juan Fernandez and Highland, Heather M and Dupuis, Josee and Chines, Peter S and Lindgren, Cecilia M and Hartl, Christopher and Jackson, Anne U and Chen, Han and Huyghe, Jeroen R and van de Bunt, Martijn and Pearson, Richard D and Kumar, Ashish and M{\"u}ller-Nurasyid, Martina and Grarup, Niels and Stringham, Heather M and Gamazon, Eric R and Lee, Jaehoon and Chen, Yuhui and Scott, Robert A and Below, Jennifer E and Chen, Peng and Huang, Jinyan and Go, Min Jin and Stitzel, Michael L and Pasko, Dorota and Parker, Stephen C J and Varga, Tibor V and Green, Todd and Beer, Nicola L and Day-Williams, Aaron G and Ferreira, Teresa and Fingerlin, Tasha and Horikoshi, Momoko and Hu, Cheng and Huh, Iksoo and Ikram, Mohammad Kamran and Kim, Bong-Jo and Kim, Yongkang and Kim, Young Jin and Kwon, Min-Seok and Lee, Juyoung and Lee, Selyeong and Lin, Keng-Han and Maxwell, Taylor J and Nagai, Yoshihiko and Wang, Xu and Welch, Ryan P and Yoon, Joon and Zhang, Weihua and Barzilai, Nir and Voight, Benjamin F and Han, Bok-Ghee and Jenkinson, Christopher P and Kuulasmaa, Teemu and Kuusisto, Johanna and Manning, Alisa and Ng, Maggie C Y and Palmer, Nicholette D and Balkau, Beverley and {\'a}kov{\'a}, Alena Stanc{\v{ }} and Abboud, Hanna E and Boeing, Heiner and Giedraitis, Vilmantas and Prabhakaran, Dorairaj and Gottesman, Omri and Scott, James and Carey, Jason and Kwan, Phoenix and Grant, George and Smith, Joshua D and Neale, Benjamin M and Purcell, Shaun and Butterworth, Adam S and Howson, Joanna M M and Lee, Heung Man and Lu, Yingchang and Kwak, Soo-Heon and Zhao, Wei and Danesh, John and Lam, Vincent K L and Park, Kyong Soo and Saleheen, Danish and So, Wing Yee and Tam, Claudia H T and Afzal, Uzma and Aguilar, David and Arya, Rector and Aung, Tin and Chan, Edmund and Navarro, Carmen and Cheng, Ching-Yu and Palli, Domenico and Correa, Adolfo and Curran, Joanne E and Rybin, Denis and Farook, Vidya S and Fowler, Sharon P and Freedman, Barry I and Griswold, Michael and Hale, Daniel Esten and Hicks, Pamela J and Khor, Chiea-Chuen and Kumar, Satish and Lehne, Benjamin and Thuillier, Doroth{\'e}e and Lim, Wei Yen and Liu, Jianjun and van der Schouw, Yvonne T and Loh, Marie and Musani, Solomon K and Puppala, Sobha and Scott, William R and Yengo, Lo{\"\i}c and Tan, Sian-Tsung and Taylor, Herman A and Thameem, Farook and Wilson, Gregory and Wong, Tien Yin and Nj{\o}lstad, P{\aa}l Rasmus and Levy, Jonathan C and Mangino, Massimo and Bonnycastle, Lori L and Schwarzmayr, Thomas and Fadista, Jo{\~a}o and Surdulescu, Gabriela L and Herder, Christian and Groves, Christopher J and Wieland, Thomas and Bork-Jensen, Jette and Brandslund, Ivan and Christensen, Cramer and Koistinen, Heikki A and Doney, Alex S F and Kinnunen, Leena and Esko, T{\~o}nu and Farmer, Andrew J and Hakaste, Liisa and Hodgkiss, Dylan and Kravic, Jasmina and Lyssenko, Valeriya and Hollensted, Mette and J{\o}rgensen, Marit E and J{\o}rgensen, Torben and Ladenvall, Claes and Justesen, Johanne Marie and K{\"a}r{\"a}j{\"a}m{\"a}ki, Annemari and Kriebel, Jennifer and Rathmann, Wolfgang and Lannfelt, Lars and Lauritzen, Torsten and Narisu, Narisu and Linneberg, Allan and Melander, Olle and Milani, Lili and Neville, Matt and Orho-Melander, Marju and Qi, Lu and Qi, Qibin and Roden, Michael and Rolandsson, Olov and Swift, Amy and Rosengren, Anders H and Stirrups, Kathleen and Wood, Andrew R and Mihailov, Evelin and Blancher, Christine and Carneiro, Mauricio O and Maguire, Jared and Poplin, Ryan and Shakir, Khalid and Fennell, Timothy and DePristo, Mark and de Angelis, Martin Hrab{\'e} and Deloukas, Panos and Gjesing, Anette P and Jun, Goo and Nilsson, Peter and Murphy, Jacquelyn and Onofrio, Robert and Thorand, Barbara and Hansen, Torben and Meisinger, Christa and Hu, Frank B and Isomaa, Bo and Karpe, Fredrik and Liang, Liming and Peters, Annette and Huth, Cornelia and O{\textquoteright}Rahilly, Stephen P and Palmer, Colin N A and Pedersen, Oluf and Rauramaa, Rainer and Tuomilehto, Jaakko and Salomaa, Veikko and Watanabe, Richard M and Syv{\"a}nen, Ann-Christine and Bergman, Richard N and Bharadwaj, Dwaipayan and Bottinger, Erwin P and Cho, Yoon Shin and Chandak, Giriraj R and Chan, Juliana C N and Chia, Kee Seng and Daly, Mark J and Ebrahim, Shah B and Langenberg, Claudia and Elliott, Paul and Jablonski, Kathleen A and Lehman, Donna M and Jia, Weiping and...},
title = {{The genetic architecture of type 2 diabetes}},
journal = {Nature},
year = {2016},
volume = {536},
number = {7614},
pages = {41--47},
month = aug
}

@article{Pickrell:2014bw,
author = {Pickrell, J K},
title = {{Joint analysis of functional genomic data and genome-wide association studies of 18 human traits}},
journal = {The American Journal of Human Genetics},
year = {2014}
}

@article{Solovieff:2013ks,
author = {Solovieff, N and Cotsapas, C and Lee, P H and Purcell, S M},
title = {{Pleiotropy in complex traits: challenges and strategies}},
journal = {Nature Reviews {\ldots}},
year = {2013}
}

@article{Chen:2012jv,
author = {Chen, R and Corona, E and Sikora, M and Dudley, J T and Morgan, A A},
title = {{Type 2 diabetes risk alleles demonstrate extreme directional differentiation among human populations, compared to other diseases}},
journal = {PLoS {\ldots}},
year = {2012}
}

@article{Yang:2011hd,
author = {Yang, J and Lee, S H and Goddard, M E and Visscher, P M},
title = {{GCTA: a tool for genome-wide complex trait analysis}},
journal = {The American Journal of {\ldots}},
year = {2011}
}

@article{Caballero:2015ce,
author = {Caballero, A and Tenesa, A and Keightley, P D},
title = {{The nature of genetic variation for complex traits revealed by GWAS and regional heritability mapping analyses}},
journal = {Genetics},
year = {2015}
}

@article{Gottesman:2003ul,
author = {Gottesman, I I and Gould, T D},
title = {{The endophenotype concept in psychiatry: etymology and strategic intentions}},
journal = {American Journal of Psychiatry},
year = {2003}
}

@article{Morris:2012iu,
author = {Morris, A P and Voight, B F and Teslovich, T M and Ferreira, T},
title = {{Large-scale association analysis provides insights into the genetic architecture and pathophysiology of type 2 diabetes}},
journal = {Nature},
year = {2012}
}

@article{Larribe:2011jb,
author = {Larribe, F and Fearnhead, P},
title = {{On composite likelihoods in statistical genetics}},
journal = {Statistica Sinica},
year = {2011}
}

@article{Bhatia:2015cb,
author = {Bhatia, G and Gusev, A and Loh, P R and Vilhj{\'a}lmsson, B J and Ripke, S},
title = {{Haplotypes of common SNPs can explain missing heritability of complex diseases}},
journal = {bioRxiv},
year = {2015}
}

@article{Berg:2014bs,
author = {Berg, J J and Coop, G},
title = {{A population genetic signal of polygenic adaptation}},
journal = {PLOS Genetics},
year = {2014}
}

@inproceedings{EyreWalker:2010dn,
author = {Eyre-Walker, A},
title = {{Genetic architecture of a complex trait and its implications for fitness and genome-wide association studies}},
booktitle = {Proceedings of the National Academy of {\ldots}},
year = {2010}
}

@article{Patil:2010ha,
author = {Patil, Anand P and Howes, Rosalind E and Nyangiri, Oscar A and Gething, Peter W and Williams, Thomas N and Weatherall, David J and Piel, Fr eacute d eacute ric B and Hay, Simon I},
title = {{Global distribution of the sickle cell gene and geographical confirmation of the malaria hypothesis}},
journal = {Nature Communications},
year = {2010},
volume = {1},
number = {8},
pages = {1--7},
month = oct
}

@article{Gibson:2000vi,
author = {Gibson, G and Wagner, G},
title = {{Canalization in evolutionary genetics: a stabilizing theory?}},
journal = {BioEssays},
year = {2000}
}

@article{BulikSullivan:2015jf,
author = {Bulik-Sullivan, B and Finucane, H K and Anttila, V and Gusev, A},
title = {{An atlas of genetic correlations across human diseases and traits}},
journal = {Nature},
year = {2015}
}

@article{Sham:2014di,
author = {Sham, P C and Purcell, S M},
title = {{Statistical power and significance testing in large-scale genetic studies}},
journal = {Nature Reviews Genetics},
year = {2014}
}

@article{Falconer:1965bn,
author = {Falconer, D S},
title = {{The inheritance of liability to certain diseases, estimated from the incidence among relatives}},
journal = {Annals of human genetics},
year = {1965}
}

@article{Neel:1999tu,
author = {Neel, J V},
title = {{The {\textquotedblleft}thrifty genotype{\textquotedblright} in 1998}},
journal = {Nutrition reviews},
year = {1999}
}

@article{Tennessen:2012ek,
author = {Tennessen, J A and Bigham, A W and O'Connor, T D and Fu, W},
title = {{Evolution and functional impact of rare coding variation from deep sequencing of human exomes}},
journal = {{\ldots}},
year = {2012}
}

@article{Purcell:2014gw,
author = {Purcell, Shaun M and Moran, Jennifer L and Fromer, Menachem and Ruderfer, Douglas and Solovieff, Nadia and Roussos, Panos and O{\textquoteright}Dushlaine, Colm and Chambert, Kimberly and Bergen, Sarah E and K{\"a}hler, Anna and Duncan, Laramie and Stahl, Eli and Genovese, Giulio and Fern{\'a}ndez, Esperanza and Collins, Mark O and Komiyama, Noboru H and Choudhary, Jyoti S and Magnusson, Patrik K E and Banks, Eric and Shakir, Khalid and Garimella, Kiran and Fennell, Tim and DePristo, Mark and Grant, Seth G N and Haggarty, Stephen J and Gabriel, Stacey and Scolnick, Edward M and Lander, Eric S and Hultman, Christina M and Sullivan, Patrick F and McCarroll, Steven A and Sklar, Pamela},
title = {{A polygenic burden of rare disruptive mutations in schizophrenia}},
journal = {Nature},
year = {2014},
volume = {506},
number = {7487},
pages = {185--190},
month = feb
}

@article{Richards:2016cs,
author = {Richards, A L and Leonenko, G and Walters, J T and Kavanagh, D H and Rees, E G and Evans, A and Chambert, K D and Moran, J L and Goldstein, J and Neale, B M and McCarroll, S A and Pocklington, A J and Holmans, P A and Owen, M J and O'Donovan, M C},
title = {{Exome arrays capture polygenic rare variant contributions to schizophrenia}},
journal = {Human Molecular Genetics},
year = {2016},
volume = {25},
number = {5},
pages = {1001--1007},
month = feb
}

@article{Evans:2017ce,
author = {Evans, L and Tahmasbi, R and Vrieze, S and Abecasis, G and Das, S},
title = {{Comparison of methods that use whole genome data to estimate the heritability and genetic architecture of complex traits.}},
journal = {bioRxiv},
year = {2017}
}

@article{Mitchell:2012hw,
author = {Mitchell, Kevin J},
title = {{What is complex about complex disorders?}},
journal = {Genome biology},
year = {2012},
volume = {13},
number = {1},
pages = {237},
month = jan
}

@article{Lande:1976ga,
author = {Lande, R},
title = {{Natural selection and random genetic drift in phenotypic evolution}},
journal = {Evolution},
year = {1976},
volume = {30},
number = {2},
pages = {314}
}

@article{Pritchard:2001hw,
author = {Pritchard, J K},
title = {{Are rare variants responsible for susceptibility to complex diseases?}},
journal = {The American Journal of Human Genetics},
year = {2001}
}

@article{Coffman:2015by,
author = {Coffman, A J and Hsieh, P H and Gravel, S},
title = {{Computationally efficient composite likelihood statistics for demographic inference}},
journal = {Molecular biology and {\ldots}},
year = {2015}
}

@article{Visscher:2016fp,
author = {Visscher, Peter M and Yang, Jian},
title = {{A plethora of pleiotropy across complex traits}},
journal = {Nature Publishing Group},
year = {2016},
volume = {48},
number = {7},
pages = {707--708},
month = jul
}

@article{Risch:1990ty,
author = {Risch, N},
title = {{Linkage strategies for genetically complex traits. I. Multilocus models.}},
journal = {American journal of human genetics},
year = {1990},
volume = {46},
number = {2},
pages = {222--228},
month = feb
}

@article{Wiuf:2006bl,
author = {Wiuf, C},
title = {{Consistency of estimators of population scaled parameters using composite likelihood}},
journal = {Journal of mathematical biology},
year = {2006}
}

@article{Ripke:2014eb,
author = {Ripke, Stephan and Neale, Benjamin M and Corvin, Aiden and Walters, James T R and Farh, Kai-How and Holmans, Peter A and Lee, Phil and Bulik-Sullivan, Brendan and Collier, David A and Huang, Hailiang and Pers, Tune H and Agartz, Ingrid and Agerbo, Esben and Albus, Margot and Alexander, Madeline and Amin, Farooq and Bacanu, Silviu A and Begemann, Martin and Belliveau Jr, Richard A and Bene, Judit and Bergen, Sarah E and Bevilacqua, Elizabeth and Bigdeli, Tim B and Black, Donald W and Bruggeman, Richard and Buccola, Nancy G and Buckner, Randy L and Byerley, William and Cahn, Wiepke and Cai, Guiqing and Campion, Dominique and Cantor, Rita M and Carr, Vaughan J and Carrera, Noa and Catts, Stanley V and Chambert, Kimberly D and Chan, Raymond C K and Chen, Ronald Y L and Chen, Eric Y H and Cheng, Wei and Cheung, Eric F C and Ann Chong, Siow and Robert Cloninger, C and Cohen, David and Cohen, Nadine and Cormican, Paul and Craddock, Nick and Crowley, James J and Curtis, David and Davidson, Michael and Davis, Kenneth L and Degenhardt, Franziska and Del Favero, Jurgen and Demontis, Ditte and Dikeos, Dimitris and Dinan, Timothy and Djurovic, Srdjan and Donohoe, Gary and Drapeau, Elodie and Duan, Jubao and Dudbridge, Frank and Durmishi, Naser and Eichhammer, Peter and Eriksson, Johan and Escott-Price, Valentina and Essioux, Laurent and Fanous, Ayman H and Farrell, Martilias S and Frank, Josef and Franke, Lude and Freedman, Robert and Freimer, Nelson B and Friedl, Marion and Friedman, Joseph I and Fromer, Menachem and Genovese, Giulio and Georgieva, Lyudmila and Giegling, Ina and Giusti-Rodr{\'\i}guez, Paola and Godard, Stephanie and Goldstein, Jacqueline I and Golimbet, Vera and Gopal, Srihari and Gratten, Jacob and de Haan, Lieuwe and Hammer, Christian and Hamshere, Marian L and Hansen, Mark and Hansen, Thomas and Haroutunian, Vahram and Hartmann, Annette M and Henskens, Frans A and Herms, Stefan and Hirschhorn, Joel N and Hoffmann, Per and Hofman, Andrea and Hollegaard, Mads V and Hougaard, David M and Ikeda, Masashi and Joa, Inge and Juli{\`a}, Antonio and Kahn, Ren{\'e} S and Kalaydjieva, Luba and Karachanak-Yankova, Sena and Karjalainen, Juha and Kavanagh, David and Keller, Matthew C and Kennedy, James L and Khrunin, Andrey and Kim, Yunjung and Klovins, Janis and Knowles, James A and Konte, Bettina and Kucinskas, Vaidutis and Ausrele Kucinskiene, Zita and Kuzelova-Ptackova, Hana and K{\"a}hler, Anna K and Laurent, Claudine and Lee Chee Keong, Jimmy and Hong Lee, S and Legge, Sophie E and Lerer, Bernard and Li, Miaoxin and Li, Tao and Liang, Kung-Yee and Lieberman, Jeffrey and Limborska, Svetlana and Loughland, Carmel M and Lubinski, Jan and L{\"o}nnqvist, Jouko and Macek Jr, Milan and Magnusson, Patrik K E and Maher, Brion S and Maier, Wolfgang and Mallet, Jacques and Marsal, Sara and Mattheisen, Manuel and Mattingsdal, Morten and McCarley, Robert W and McDonald, Colm and McIntosh, Andrew M and Meier, Sandra and Meijer, Carin J and Melegh, Bela and Melle, Ingrid and Mesholam-Gately, Raquelle I and Metspalu, Andres and Michie, Patricia T and Milani, Lili and Milanova, Vihra and Mokrab, Younes and Morris, Derek W and Mors, Ole and Murphy, Kieran C and Murray, Robin M and Myin-Germeys, Inez and M{\"u}ller-Myhsok, Bertram and Nelis, Mari and Nenadic, Igor and Nertney, Deborah A and Nestadt, Gerald and Nicodemus, Kristin K and Nikitina-Zake, Liene and Nisenbaum, Laura and Nordin, Annelie and O{\textquoteright}Callaghan, Eadbhard and O{\textquoteright}Dushlaine, Colm and O{\textquoteright}Neill, F Anthony and Oh, Sang-Yun and Olincy, Ann and Olsen, Line and Van Os, Jim and Endophenotypes International Consortium, Psychosis and Pantelis, Christos and Papadimitriou, George N and Papiol, Sergi and Parkhomenko, Elena and Pato, Michele T and Paunio, Tiina and Pejovic-Milovancevic, Milica and Perkins, Diana O and Pietil{\"a}inen, Olli and Pimm, Jonathan and Pocklington, Andrew J and Powell, John and Price, Alkes and Pulver, Ann E and Purcell, Shaun M and Quested, Digby and Rasmussen, Henrik B and Reichenberg, Abraham and Reimers, Mark A and Richards, Alexander L and Roffman, Joshua L and Roussos, Panos and Ruderfer, Douglas M and Salomaa, Veikko and Sanders, Alan R and Schall, Ulrich and Schubert, Christian R and Schulze, Thomas G and Schwab, Sibylle G and Scolnick, Edward M and Scott, Rodney J and Seidman, Larry J and Shi, Jianxin and Sigurdsson, Engilbert and Silagadze, Teimuraz and Silverman, Jeremy M and Sim, Kang and Slominsky, Petr and Smoller, Jordan W and So, Hon-Cheong and Spencer, ChrisC A and Stahl, Eli A and Stefansson, Hreinn and Steinberg, Stacy and Stogmann, Elisabeth and Straub, Richard E and Strengman, Eric and Strohmaier, Jana and Scott Stroup, T and Subramaniam,...},
title = {{Biological insights from 108 schizophrenia-associated genetic loci}},
journal = {Nature},
year = {2014},
volume = {511},
number = {7510},
pages = {421--427},
month = jul
}

@article{Varin:2011cr,
author = {Varin, C and Reid, N and Firth, D},
title = {{An overview of composite likelihood methods}},
journal = {Statistica Sinica},
year = {2011}
}

@article{Franco:2013hb,
author = {Franco, M and Bilal, U and Ordunez, P and Benet, M and Morejon, A and Caballero, B and Kennelly, J F and Cooper, R S},
title = {{Population-wide weight loss and regain in relation to diabetes burden and cardiovascular mortality in Cuba 1980-2010: repeated cross sectional surveys and ecological comparison of secular trends}},
journal = {BMJ},
year = {2013},
volume = {346},
number = {apr09 2},
pages = {f1515--f1515},
month = apr
}

@article{Lush:1948vc,
author = {Lush, J L and Lamoreux, W F and Hazel, L N},
title = {{The heritability of resistance to death in the fowl}},
journal = {Poultry Science},
year = {1948}
}

@article{EyreWalker:2007dl,
author = {Eyre-Walker, Adam and Keightley, Peter D},
title = {{The distribution of fitness effects of new mutations}},
journal = {Nature Reviews Genetics},
year = {2007},
volume = {8},
number = {8},
pages = {610--618},
month = aug
}

@article{Moser:2015hk,
author = {Moser, Gerhard and Lee, Sang Hong and Hayes, Ben J and Goddard, Michael E and Wray, Naomi R and Visscher, Peter M},
title = {{Simultaneous Discovery, Estimation and Prediction Analysis of Complex Traits Using a Bayesian Mixture Model}},
journal = {PLOS Genetics},
year = {2015},
volume = {11},
number = {4},
pages = {e1004969--22},
month = apr
}

@article{Sawyer:1992vb,
author = {Sawyer, S A and Hartl, D L},
title = {{Population genetics of polymorphism and divergence.}},
journal = {Genetics},
year = {1992},
volume = {132},
number = {4},
pages = {1161--1176},
month = dec
}

@article{Pickrell:2016ko,
author = {Pickrell, Joseph K and Berisa, Tomaz and Liu, Jimmy Z and S{\'e}gurel, Laure and Tung, Joyce Y and Hinds, David A},
title = {{Detection and interpretation of shared genetic influences on 42 human traits}},
journal = {Nature Publishing Group},
year = {2016},
volume = {48},
number = {7},
pages = {709--717},
month = may
}

@article{Johnson:2005do,
author = {Johnson, Toby and Barton, Nick},
title = {{Theoretical models of selection and mutation on quantitative traits.}},
journal = {Philosophical Transactions of the Royal Society B: Biological Sciences},
year = {2005},
volume = {360},
number = {1459},
pages = {1411--1425},
month = jul
}

@article{Corona:2013cl,
author = {Corona, E and Chen, R and Sikora, M and Morgan, A A and Patel, C J},
title = {{Analysis of the genetic basis of disease in the context of worldwide human relationships and migration}},
journal = {PLoS {\ldots}},
year = {2013}
}

@article{Slatkin:2008hw,
author = {Slatkin, M},
title = {{Exchangeable Models of Complex Inherited Diseases}},
journal = {Genetics},
year = {2008},
volume = {179},
number = {4},
pages = {2253--2261},
month = aug
}

